<record><leader>00000cas a2200000 a 4500</leader><controlfield tag="001">30124095</controlfield><controlfield tag="008">940412d195u19uuiluwr ne      0   a0eng c</controlfield><datafield ind1=" " ind2=" " tag="010"><subfield code="a">sn 94054244 </subfield></datafield><datafield ind1=" " ind2=" " tag="040"><subfield code="a">NVF</subfield><subfield code="b">eng</subfield><subfield code="c">NVF</subfield><subfield code="d">OCLCQ</subfield><subfield code="d">NVF</subfield><subfield code="d">OCLCQ</subfield><subfield code="d">OCLCF</subfield><subfield code="d">OCLCO</subfield><subfield code="d">NVF</subfield></datafield><datafield ind1=" " ind2=" " tag="042"><subfield code="a">pcc</subfield></datafield><datafield ind1=" " ind2=" " tag="043"><subfield code="a">n-us-il</subfield></datafield><datafield ind1="0" ind2=" " tag="130"><subfield code="a">News (Skokie, Ill. : Lincolnwood ed.)</subfield></datafield><datafield ind1="1" ind2="4" tag="245"><subfield code="a">The news.</subfield></datafield><datafield ind1=" " ind2=" " tag="250"><subfield code="a">Lincolnwood ed.</subfield></datafield><datafield ind1=" " ind2=" " tag="260"><subfield code="a">Skokie, Ill. :</subfield><subfield code="b">Greater Niles Township Pub. Corp.</subfield></datafield><datafield ind1=" " ind2=" " tag="300"><subfield code="a">v.</subfield></datafield><datafield ind1=" " ind2=" " tag="310"><subfield code="a">Weekly</subfield></datafield><datafield ind1=" " ind2=" " tag="580"><subfield code="a">Other eds.: News (Skokie, Ill. : Skokie ed.), &lt;1959&gt;, and: News (Skokie, Ill. : Niles ed.), &lt;1959&gt;, and: News (Skokie, Ill. : Morton Grove ed.), &lt;1959&gt;</subfield></datafield><datafield ind1=" " ind2=" " tag="588"><subfield code="a">Description based on: Vol. 35, no. 1 (Jan. 8, 1959).</subfield></datafield><datafield ind1=" " ind2=" " tag="588"><subfield code="a">Latest issue consulted: May 4, 1961.</subfield></datafield><datafield ind1=" " ind2="0" tag="651"><subfield code="a">Lincolnwood (Ill.)</subfield><subfield code="v">Newspapers.</subfield></datafield><datafield ind1=" " ind2="7" tag="651"><subfield code="a">Illinois</subfield><subfield code="z">Lincolnwood.</subfield><subfield code="2">fast</subfield><subfield code="0">(OCoLC)fst01268949</subfield></datafield><datafield ind1=" " ind2="7" tag="655"><subfield code="a">Newspapers.</subfield><subfield code="2">fast</subfield><subfield code="0">(OCoLC)fst01423814</subfield></datafield><datafield ind1=" " ind2=" " tag="752"><subfield code="a">United States</subfield><subfield code="b">Illinois</subfield><subfield code="c">Cook</subfield><subfield code="d">Skokie.</subfield></datafield><datafield ind1="1" ind2=" " tag="775"><subfield code="t">News (Skokie, Ill. : Skokie ed.)</subfield><subfield code="w">(DLC)sn 94054241</subfield><subfield code="w">(OCoLC)9192065</subfield></datafield><datafield ind1="1" ind2=" " tag="775"><subfield code="t">News (Skokie, Ill. : Niles ed.)</subfield><subfield code="w">(DLC)sn 94054242</subfield><subfield code="w">(OCoLC)30123530</subfield></datafield><datafield ind1="1" ind2=" " tag="775"><subfield code="t">News (Skokie, Ill. : Morton Grove ed.)</subfield><subfield code="w">(DLC)sn 94054243</subfield><subfield code="w">(OCoLC)30123803</subfield></datafield><datafield ind1="0" ind2="0" tag="780"><subfield code="t">Lincolnwood news</subfield><subfield code="w">(DLC)sn 94054240</subfield><subfield code="w">(OCoLC)30122972</subfield></datafield><datafield ind1="1" ind2=" " tag="029"><subfield code="a">AU@</subfield><subfield code="b">000025877870</subfield></datafield></record>